<?xml version="1.0" encoding="UTF-8"?>
                <record xmlns="http://www.loc.gov/MARC21/slim">
                    <leader>02098nam a2200553 cc4500</leader>
                    <controlfield tag="001">99145298003903331</controlfield>
                    <controlfield tag="005">20200804111228.0</controlfield>
                    <controlfield tag="007">tu</controlfield>
                    <controlfield tag="008">191002s2020    |||||||| |||| 00||||eng</controlfield>
                    <controlfield tag="009">AC15601380</controlfield>
                    <datafield tag="015" ind1=" " ind2=" ">
                        <subfield code="a">19,N41</subfield>
                        <subfield code="2">dnb</subfield>
                    </datafield>
                    <datafield tag="015" ind1=" " ind2=" ">
                        <subfield code="a">OeB2020,A,15 943.6</subfield>
                        <subfield code="2">oeb</subfield>
                    </datafield>
                    <datafield tag="016" ind1="7" ind2=" ">
                        <subfield code="a">1196223637</subfield>
                        <subfield code="2">DE-101</subfield>
                    </datafield>
                    <datafield tag="020" ind1=" " ind2=" ">
                        <subfield code="a">9783205209911</subfield>
                        <subfield code="q">Broschur</subfield>
                        <subfield code="c">EUR 57,00 ; EUR 55,00 (DE)</subfield>
                    </datafield>
                    <datafield tag="035" ind1=" " ind2=" ">
                        <subfield code="a">(AT-OBV)AC15601380</subfield>
                    </datafield>
                    <datafield tag="035" ind1=" " ind2=" ">
                        <subfield code="a">(DE-599)DNB1196223637</subfield>
                    </datafield>
                    <datafield tag="035" ind1=" " ind2=" ">
                        <subfield code="a">(OCoLC)1122745976</subfield>
                    </datafield>
                    <datafield tag="035" ind1=" " ind2=" ">
                        <subfield code="a">(DE-101)1196223637</subfield>
                    </datafield>
                    <datafield tag="040" ind1=" " ind2=" ">
                        <subfield code="a">AT-UBW</subfield>
                        <subfield code="b">ger</subfield>
                        <subfield code="c">DE-101</subfield>
                        <subfield code="d">AT-OeNB</subfield>
                        <subfield code="e">rda</subfield>
                    </datafield>
                    <datafield tag="041" ind1=" " ind2=" ">
                        <subfield code="a">eng</subfield>
                    </datafield>
                    <datafield tag="044" ind1=" " ind2=" ">
                        <subfield code="c">XA-AT</subfield>
                        <subfield code="c">XA-DE-TH</subfield>
                    </datafield>
                    <datafield tag="084" ind1=" " ind2=" ">
                        <subfield code="a">900</subfield>
                        <subfield code="q">DE-101</subfield>
                        <subfield code="2">sdnb</subfield>
                    </datafield>
                    <datafield tag="084" ind1=" " ind2=" ">
                        <subfield code="a">15.60</subfield>
                        <subfield code="2">bkl</subfield>
                    </datafield>
                    <datafield tag="084" ind1=" " ind2=" ">
                        <subfield code="a">01.30</subfield>
                        <subfield code="2">bkl</subfield>
                    </datafield>
                    <datafield tag="100" ind1="1" ind2=" ">
                        <subfield code="a">Wank, Solomon</subfield>
                        <subfield code="d">1930-2014</subfield>
                        <subfield code="0">(DE-588)142850179</subfield>
                        <subfield code="4">aut</subfield>
                        <subfield code="9">O:H</subfield>
                    </datafield>
                    <datafield tag="245" ind1="1" ind2="0">
                        <subfield code="a">In the twilight of empire</subfield>
                        <subfield code="b">Count Alois Lexa von Aehrenthal (1854-1912), imperial Habsburg patriot and statesman</subfield>
                        <subfield code="n">Volume 2</subfield>
                        <subfield code="p">From foreign minister in waiting to de facto chancellor / edited by Franz Adlgasser, Maria Höhn and Alexander Knaak</subfield>
                        <subfield code="c">Solomon Wank</subfield>
                    </datafield>
                    <datafield tag="264" ind1=" " ind2="1">
                        <subfield code="a">Wien</subfield>
                        <subfield code="a">Köln</subfield>
                        <subfield code="a">Weimar</subfield>
                        <subfield code="b">Böhlau Verlag</subfield>
                        <subfield code="c">[2020]</subfield>
                    </datafield>
                    <datafield tag="300" ind1=" " ind2=" ">
                        <subfield code="a">467 Seiten</subfield>
                        <subfield code="c">24 cm</subfield>
                    </datafield>
                    <datafield tag="336" ind1=" " ind2=" ">
                        <subfield code="b">txt</subfield>
                    </datafield>
                    <datafield tag="337" ind1=" " ind2=" ">
                        <subfield code="b">n</subfield>
                    </datafield>
                    <datafield tag="338" ind1=" " ind2=" ">
                        <subfield code="b">nc</subfield>
                    </datafield>
                    <datafield tag="490" ind1="0" ind2=" ">
                        <subfield code="a">Veröffentlichungen der Kommission für Neuere Geschichte Österreichs</subfield>
                        <subfield code="v">Band 102,2</subfield>
                    </datafield>
                    <datafield tag="500" ind1=" " ind2=" ">
                        <subfield code="a">Literaturverzeichnis: Seite [443]-458</subfield>
                    </datafield>
                    <datafield tag="653" ind1=" " ind2=" ">
                        <subfield code="a">Diplomatiegeschichte</subfield>
                    </datafield>
                    <datafield tag="653" ind1=" " ind2=" ">
                        <subfield code="a">Krise Bosnien 1908/1909</subfield>
                    </datafield>
                    <datafield tag="655" ind1=" " ind2="7">
                        <subfield code="a">Biografie</subfield>
                        <subfield code="0">(DE-588)4006804-3</subfield>
                        <subfield code="2">gnd-content</subfield>
                    </datafield>
                    <datafield tag="653" ind1=" " ind2=" ">
                        <subfield code="a">World War I</subfield>
                    </datafield>
                    <datafield tag="689" ind1="0" ind2="0">
                        <subfield code="a">Aehrenthal, Johann Lexa &lt;&lt;von>></subfield>
                        <subfield code="d">1854-1912</subfield>
                        <subfield code="D">p</subfield>
                        <subfield code="0">(DE-588)119182033</subfield>
                    </datafield>
                    <datafield tag="689" ind1="0" ind2=" ">
                        <subfield code="5">AT-OBV</subfield>
                        <subfield code="5">ubw0087</subfield>
                    </datafield>
                    <datafield tag="700" ind1="1" ind2=" ">
                        <subfield code="a">Adlgasser, Franz</subfield>
                        <subfield code="d">1963-</subfield>
                        <subfield code="0">(DE-588)115424881</subfield>
                        <subfield code="4">edt</subfield>
                    </datafield>
                    <datafield tag="700" ind1="1" ind2=" ">
                        <subfield code="a">Höhn, Maria</subfield>
                        <subfield code="d">1955-</subfield>
                        <subfield code="0">(DE-588)136797253</subfield>
                        <subfield code="4">edt</subfield>
                    </datafield>
                    <datafield tag="700" ind1="1" ind2=" ">
                        <subfield code="a">Knaak, Alexander</subfield>
                        <subfield code="d">1960-</subfield>
                        <subfield code="0">(DE-588)123472539</subfield>
                        <subfield code="4">edt</subfield>
                    </datafield>
                    <datafield tag="710" ind1="2" ind2=" ">
                        <subfield code="a">Böhlau Verlag GmbH &amp; Co. KG</subfield>
                        <subfield code="0">(DE-588)1065536941</subfield>
                        <subfield code="4">pbl</subfield>
                    </datafield>
                    <datafield tag="776" ind1="0" ind2="8">
                        <subfield code="i">Erscheint auch als</subfield>
                        <subfield code="n">Online-Ausgabe</subfield>
                        <subfield code="z">9783205209928</subfield>
                        <subfield code="z">9783205209935</subfield>
                    </datafield>
                    <datafield tag="773" ind1="0" ind2="8">
                        <subfield code="w">(AT-OBV)AC07677339</subfield>
                        <subfield code="q">2</subfield>
                    </datafield>
                    <datafield tag="830" ind1=" " ind2="0">
                        <subfield code="w">(AT-OBV)AC00112585</subfield>
                        <subfield code="v">102,2</subfield>
                        <subfield code="9">O:1</subfield>
                    </datafield>
                    <datafield tag="852" ind1="0" ind2="1">
                        <subfield code="a">43ACC_UBS</subfield>
                        <subfield code="6">9925241429303341</subfield>
                        <subfield code="9">P</subfield>
                    </datafield>
                    <datafield tag="852" ind1="0" ind2="1">
                        <subfield code="a">43ACC_WIENB</subfield>
                        <subfield code="6">9910725929304516</subfield>
                        <subfield code="9">P</subfield>
                    </datafield>
                    <datafield tag="852" ind1="0" ind2="1">
                        <subfield code="a">43ACC_UBW</subfield>
                        <subfield code="6">9981140166103332</subfield>
                        <subfield code="9">P</subfield>
                    </datafield>
                    <datafield tag="852" ind1="0" ind2="1">
                        <subfield code="a">43ACC_UBG</subfield>
                        <subfield code="6">9929981038803339</subfield>
                        <subfield code="9">P</subfield>
                    </datafield>
                    <datafield tag="852" ind1="0" ind2="1">
                        <subfield code="a">43ACC_OEAW</subfield>
                        <subfield code="6">993466906604498</subfield>
                        <subfield code="9">P</subfield>
                    </datafield>
                    <datafield tag="852" ind1="0" ind2="1">
                        <subfield code="a">43ACC_BRIDGE_BMA</subfield>
                        <subfield code="6">9944109904476</subfield>
                        <subfield code="9">P</subfield>
                    </datafield>
                    <datafield tag="852" ind1="0" ind2="1">
                        <subfield code="a">43ACC_ONB</subfield>
                        <subfield code="6">9958602280303338</subfield>
                        <subfield code="9">P</subfield>
                    </datafield>
                    <datafield tag="852" ind1="0" ind2="1">
                        <subfield code="a">43ACC_OOELB</subfield>
                        <subfield code="6">997953930004508</subfield>
                        <subfield code="9">P</subfield>
                    </datafield>
                    <datafield tag="970" ind1="1" ind2=" ">
                        <subfield code="c">54</subfield>
                    </datafield>
                    <datafield tag="970" ind1="4" ind2=" ">
                        <subfield code="b">DE-101</subfield>
                    </datafield>
                    <datafield tag="970" ind1="2" ind2=" ">
                        <subfield code="a">AT-UBW</subfield>
                    </datafield>
                </record>
